<record><leader>00000cas a22000007a 4500</leader><controlfield tag="001">14994439</controlfield><controlfield tag="008">861219d192319uualuwr ne      0    0eng d</controlfield><datafield ind1=" " ind2=" " tag="010"><subfield code="a">sn 86050462 </subfield></datafield><datafield ind1=" " ind2=" " tag="040"><subfield code="a">AAR</subfield><subfield code="b">eng</subfield><subfield code="c">AAR</subfield><subfield code="d">CPN</subfield><subfield code="d">OCLCQ</subfield></datafield><datafield ind1=" " ind2=" " tag="042"><subfield code="a">msc</subfield></datafield><datafield ind1="0" ind2="4" tag="245"><subfield code="a">The Lawrence county times and the Moulton advertiser.</subfield></datafield><datafield ind1=" " ind2=" " tag="260"><subfield code="a">Courtland, Ala. :</subfield><subfield code="b">Clarence C. Horton,</subfield><subfield code="c">1923-</subfield></datafield><datafield ind1=" " ind2=" " tag="300"><subfield code="a">v.</subfield></datafield><datafield ind1=" " ind2=" " tag="310"><subfield code="a">Weekly</subfield></datafield><datafield ind1="0" ind2=" " tag="362"><subfield code="a">Advertiser vol. 94, no. 2 (Jan. 10, 1923) = Times v. 1, no. 2-</subfield></datafield><datafield ind1=" " ind2=" " tag="752"><subfield code="a">United States</subfield><subfield code="b">Alabama</subfield><subfield code="c">Lawrence</subfield><subfield code="d">Courtland.</subfield></datafield><datafield ind1="0" ind2="0" tag="780"><subfield code="t">Moulton advertiser (Moulton, Ala. : 1867)</subfield><subfield code="w">(DLC)sn 84023573</subfield></datafield></record>